
@article{thecomplexonaut,
    title={The complexonaut},
    author={Larry Hardesty},
    year={2014},
    journal={MIT News Office},
    note = {on-line at: \url{http://news.mit.edu/2014/scott-aaronson-shapes-conventional-and-quantum-computing-0407}}
}

@article{ad,
    title={Ad company settles plagiarism complaint},
    author={Edmund Tadros},
    year={2007},
    journal={The Age},
    note = {on-line at: \url{https://www.theage.com.au/technology/ad-company-settles-plagiarism-complaint-20071220-gdrudj.html}}
}

@misc{company,
    author = {Bloomberg},
    title = {{Scott Aaronson}},
    howpublished = {Available at \url{https://www.bloomberg.com/profile/person/20017943}}
}


@misc{nagrada1,
    author = {National Science Foundation},
    title = {NSF Honors Two Early Career Researchers With Alan T. Waterman Award},
    howpublished = {Available at \url{http://
    https://www.nsf.gov/news/news_summ.jsp?cntn_id=123406}}
}

@misc{nagrada2,
    author = {Simons Foundation},
    title = {Simons Investigators},
    howpublished = {Available at \url{https://www.simonsfoundation.org/mathematics-physical-sciences/simons-investigators/simons-investigators-awardees/}}
}


